@inproceedings{tmhmm,
  author        ={Erik L.L. Sonnhammer and Gunnar von Heijne and Anders Krogh}, 
  title         ={A hidden Markov model for predicting transmembrane helices in protein sequences}, 
  booktitle     ={Intelligent Systems for Molecular Biology}, 
  year          ={1998},
  url           ={http://people.binf.ku.dk/~krogh/TMHMM/},

}

@article{rnnLTD,
	author    = {Yoshua Bengio and Patrice Simard and Paolo Frasconi},
	title     = {Learning Long-Term Dependencies with Gradient Descent is Difficult},
	journal   = {IEEE Transactions on Neural Networks},
	volume    = {Vol 5 },
	number    = {No 2},
	year      = {1994},
	url       = {http://www-dsi.ing.unifi.it/~paolo/ps/tnn-94-gradient.pdf},
}


@article{lstm,
	author    = {Sepp Hochreiter and Jürgen Schmidhuber},
	title     = {Long Short-term Memory},
	journal   = {Neural Computation},
	volume    = {Vol 9 },
	issue     = {Issue 8},
	pages     = {1735-1780},
	year      = {1997},
	url       = {https://www.researchgate.net/publication/13853244_Long_Short-term_Memory},
}

@online{rnn,
	author       = {Christopher Olah},
	title        = {Understanding LSTM Networks},
	year         = {2015},
	urldate      = {2017-06-13},
	url          = {http://colah.github.io/posts/2015-08-Understanding-LSTMs/},
}

@article{tmseg,
	author    = {Michael Bernhofer and Edda Kloppmann and Jonas Reeb and Burkhard Rost},
	title     = {TMSEG: Novel prediction of transmembrane helices},
	journal   = {Proteins: Structure, Function, and Bioinformatics},
	volume    = {84},
	issue     = {11},
	pages     = {1706–1716},
	year      = {2016},
}

@article{ShazeerEtAl,
	author    = {Noam Shazeer and
	Azalia Mirhoseini and
	Krzysztof Maziarz and
	Andy Davis and
	Quoc V. Le and
	Geoffrey E. Hinton and
	Jeff Dean},
	title     = {Outrageously Large Neural Networks: The Sparsely-Gated Mixture-of-Experts
	Layer},
	journal   = {CoRR},
	volume    = {abs/1701.06538},
	year      = {2017},
	url       = {http://arxiv.org/abs/1701.06538},
}

@article{JozefowiczEtAl,
	author    = {Rafal J{\'{o}}zefowicz and
	Oriol Vinyals and
	Mike Schuster and
	Noam Shazeer and
	Yonghui Wu},
	title     = {Exploring the Limits of Language Modeling},
	journal   = {CoRR},
	volume    = {abs/1602.02410},
	year      = {2016},
	url       = {http://arxiv.org/abs/1602.02410},
	timestamp = {Wed, 07 Jun 2017 14:42:03 +0200},
}

@article{XiongEtAl,
	author    = {Wayne Xiong and
	Jasha Droppo and
	Xuedong Huang and
	Frank Seide and
	Mike Seltzer and
	Andreas Stolcke and
	Dong Yu and
	Geoffrey Zweig},
	title     = {Achieving Human Parity in Conversational Speech Recognition},
	journal   = {CoRR},
	volume    = {abs/1610.05256},
	year      = {2016},
	url       = {http://arxiv.org/abs/1610.05256},
	timestamp = {Wed, 07 Jun 2017 14:42:07 +0200},
	biburl    = {http://dblp.uni-trier.de/rec/bib/journals/corr/XiongDHSSSYZ16a},
	bibsource = {dblp computer science bibliography, http://dblp.org}
}

@article{WuEtAl,
	author    = {Yonghui Wu and
	Mike Schuster and
	Zhifeng Chen and
	Quoc V. Le and
	Mohammad Norouzi and
	Wolfgang Macherey and
	Maxim Krikun and
	Yuan Cao and
	Qin Gao and
	Klaus Macherey and
	Jeff Klingner and
	Apurva Shah and
	Melvin Johnson and
	Xiaobing Liu and
	Lukasz Kaiser and
	Stephan Gouws and
	Yoshikiyo Kato and
	Taku Kudo and
	Hideto Kazawa and
	Keith Stevens and
	George Kurian and
	Nishant Patil and
	Wei Wang and
	Cliff Young and
	Jason Smith and
	Jason Riesa and
	Alex Rudnick and
	Oriol Vinyals and
	Greg Corrado and
	Macduff Hughes and
	Jeffrey Dean},
	title     = {Google's Neural Machine Translation System: Bridging the Gap between
	Human and Machine Translation},
	journal   = {CoRR},
	volume    = {abs/1609.08144},
	year      = {2016},
	url       = {http://arxiv.org/abs/1609.08144},
	timestamp = {Wed, 07 Jun 2017 14:41:00 +0200},
	biburl    = {http://dblp.uni-trier.de/rec/bib/journals/corr/WuSCLNMKCGMKSJL16},
	bibsource = {dblp computer science bibliography, http://dblp.org}
}

@online{tensorflow,
	title   = {Tensorflow website},
	url     = {https://www.tensorflow.org/},
}

@online{caffe,
	title   = {Caffe website},
	url     = {http://caffe.berkeleyvision.org/},
}

@online{theano,
	title   = {Theano website},
	url     = {http://deeplearning.net/software/theano/},
}
