@inproceedings{tmhmm,
  author        ={Erik L.L. Sonnhammer and Gunnar von Heijne and Anders Krogh}, 
  title         ={A hidden Markov model for predicting transmembrane helices in protein sequences}, 
  booktitle     ={Intelligent Systems for Molecular Biology}, 
  year          ={1998},
  url           ={http://people.binf.ku.dk/~krogh/TMHMM/},

}